@article{atheyimbens2016,
  title={Recursive partitioning for heterogeneous causal effects},
  author={Athey, Susan and Imbens, Guido W},
  journal={Proceedings of the National Academy of Sciences},
  volume={113},
  number={27},
  pages={7353--7360},
  year={2016}
}

@article{curthetal,
  title={Using machine learning to individualize treatment effect estimation: challenges and opportunities},
  author={Curth, Alicia and Peck, Richard W and McKinney, Eoin and Weatherall, James and van der Schaar, Mihaela},
  journal={Clinical Pharmacology \& Therapeutics},
  year={2024}
}

@article{gongetal,
  title={Heterogeneous treatment effect analysis based on machine-learning methodology},
  author={Gong, Xiajing and Hu, Meng and Basu, Mahashweta and Zhao, Liang},
  journal={CPT: Pharmacometrics \& Systems Pharmacology},
  volume={10},
  number={11},
  pages={1433--1443},
  year={2021}
}

@article{mullainathanetal,
  title={Machine learning: an applied econometric approach},
  author={Mullainathan, Sendhil and Spiess, Jann},
  journal={Journal of Economic Perspectives},
  volume={31},
  number={2},
  pages={87--106},
  year={2017}
}

@article{abadieimbens2016,
  title={Matching on the estimated propensity score},
  author={Abadie, Alberto and Imbens, Guido W},
  journal={Econometrica},
  volume={84},
  number={2},
  pages={781--807},
  year={2016}
}

@article{angrist2004,
  title={Treatment effect heterogeneity in theory and practice},
  author={Angrist, Joshua D},
  journal={The Economic Journal},
  volume={114},
  number={494},
  pages={C52--C83},
  year={2004}
}

@article{angristetal,
  title={Marginal effects of merit aid for low-income students},
  author={Angrist, Joshua and Autor, David and Pallais, Amanda},
  journal={The Quarterly Journal of Economics},
  volume={137},
  number={2},
  pages={1039--1090},
  year={2022}
}

@article{atheyimbens2015,
  title={Machine learning methods for estimating heterogeneous causal effects},
  author={Athey, Susan and Imbens, Guido W},
  journal={Stat},
  volume={1050},
  number={5},
  pages={1--26},
  year={2015}
}

@article{li2018deep,
  title={Deep learning for case-based reasoning through prototypes: a neural network that explains its predictions},
  author={Li, Oscar and Liu, Hao and Chen, Chaofan and Rudin, Cynthia},
  journal={Proceedings of the AAAI Conference on Artificial Intelligence},
  volume={32},
  number={1},
  year={2018}
}

@article{atheyimbens2019,
  title={Machine learning methods that economists should know about},
  author={Athey, Susan and Imbens, Guido W},
  journal={Annual Review of Economics},
  volume={11},
  pages={685--725},
  year={2019}
}

@article{atheytibishirani,
  title={Generalized random forests},
  author={Athey, Susan and Tibshirani, Julie and Wager, Stefan},
  journal={The Annals of Statistics},
  volume={47},
  number={2},
  pages={1148--1178},
  year={2019}
}

@article{athey2019estimating,
  title={Estimating treatment effects with causal forests: an application},
  author={Athey, Susan and Wager, Stefan},
  journal={Observational Studies},
  volume={5},
  number={2},
  pages={37--51},
  year={2019}
}

@article{brand2010benefits,
  title={Who benefits most from college? Evidence for negative selection in heterogeneous economic returns to higher education},
  author={Brand, Jennie E and Xie, Yu},
  journal={American Sociological Review},
  volume={75},
  number={2},
  pages={273--302},
  year={2010}
}

@article{brave2014estimating,
  title={Estimating marginal treatment effects using parametric and semiparametric methods},
  author={Brave, Scott and Walstrum, Thomas},
  journal={The Stata Journal},
  volume={14},
  number={1},
  pages={191--217},
  year={2014}
}

@article{breiman2001random,
  title={Random forests},
  author={Breiman, Leo},
  journal={Machine Learning},
  volume={45},
  number={1},
  pages={5--32},
  year={2001}
}

@article{carneiro2011estimating,
  title={Estimating marginal returns to education},
  author={Carneiro, Pedro and Heckman, James J and Vytlacil, Edward J},
  journal={American Economic Review},
  volume={101},
  number={6},
  pages={2754--2781},
  year={2011}
}

@article{cannas2019comparison,
  title={A comparison of machine learning algorithms and covariate balance measures for propensity score matching and weighting},
  author={Cannas, Massimo and Arpino, Bruno},
  journal={Biometrical Journal},
  volume={61},
  number={4},
  pages={1049--1072},
  year={2019}
}

@article{carneiro2010evaluating,
  title={Evaluating marginal policy changes and the average effect of treatment for individuals at the margin},
  author={Carneiro, Pedro and Heckman, James J and Vytlacil, Edward},
  journal={Econometrica},
  volume={78},
  number={1},
  pages={377--394},
  year={2010}
}

@article{rulensem,
  title={Causal rule ensemble: interpretable discovery and inference of heterogeneous treatment effects},
  author={Bargagli-Stoffi, Falco J and Cadei, Riccardo and Lee, Kwonsang and Dominici, Francesca},
  journal={arXiv preprint arXiv:2009.09036},
  year={2020}
}

@article{mccaffrey2004propensity,
  title={Propensity score estimation with boosted regression for evaluating causal effects in observational studies},
  author={McCaffrey, Daniel F and Ridgeway, Greg and Morral, Andrew R},
  journal={Psychological Methods},
  volume={9},
  number={4},
  pages={403--425},
  year={2004}
}

@article{goller2020does,
  title={Does the estimation of the propensity score by machine learning improve matching estimation? The case of Germany's programmes for long term unemployed},
  author={Goller, Daniel and Lechner, Michael and Moczall, Andreas and Wolff, Joachim},
  journal={Labour Economics},
  volume={65},
  pages={101855},
  year={2020}
}

@article{heckmanpinto2022,
  title={Causal inference of social experiments using orthogonal designs},
  author={Heckman, James J and Pinto, Rodrigo},
  journal={Journal of Quantitative Economics},
  volume={20},
  number={Suppl 1},
  pages={7--30},
  year={2022}
}

@article{heckman2007a,
  title={Econometric evaluation of social programs, part I: causal models, structural models and econometric policy evaluation},
  author={Heckman, James J and Vytlacil, Edward J},
  journal={Handbook of Econometrics},
  volume={6},
  pages={4779--4874},
  year={2007}
}

@article{heckman2006,
  title={Understanding instrumental variables in models with essential heterogeneity},
  author={Heckman, James J and Urzua, Sergio and Vytlacil, Edward},
  journal={The Review of Economics and Statistics},
  volume={88},
  number={3},
  pages={389--432},
  year={2006}
}

@article{heckman2007b,
  title={Econometric evaluation of social programs, part II: using the marginal treatment effect to organize alternative econometric estimators to evaluate social programs, and to forecast their effects in new environments},
  author={Heckman, James J and Vytlacil, Edward J},
  journal={Handbook of Econometrics},
  volume={6},
  pages={4875--5143},
  year={2007}
}

@article{hill2011,
  title={Bayesian nonparametric modeling for causal inference},
  author={Hill, Jennifer L},
  journal={Journal of Computational and Graphical Statistics},
  volume={20},
  number={1},
  pages={217--240},
  year={2011}
}

@article{imbensangrist1994,
  title={Identification of causal effects using instrumental variables},
  author={Angrist, Joshua D and Imbens, Guido W and Rubin, Donald B},
  journal={Journal of the American Statistical Association},
  volume={91},
  number={434},
  pages={444--455},
  year={1996}
}

@article{imbenswooldr2008,
  title={Recent developments in the econometrics of program evaluation},
  author={Imbens, Guido W and Wooldridge, Jeffrey M},
  journal={Journal of Economic Literature},
  volume={47},
  number={1},
  pages={5--86},
  year={2009}
}

@article{kennedy2023,
  title={Towards optimal doubly robust estimation of heterogeneous causal effects},
  author={Kennedy, Edward H},
  journal={Electronic Journal of Statistics},
  volume={17},
  number={2},
  pages={3008--3049},
  year={2023}
}

@article{lechner2023,
  title={Causal machine learning and its use for public policy},
  author={Lechner, Michael},
  journal={Swiss Journal of Economics and Statistics},
  volume={159},
  number={1},
  pages={8},
  year={2023}
}

@article{li2023,
  title={Robust estimation of heterogeneous treatment effects: an algorithm-based approach},
  author={Li, Ruohong and Wang, Honglang and Zhao, Yi and Su, Jing and Tu, Wanzhu},
  journal={Communications in Statisticsâ€”Simulation and Computation},
  volume={52},
  number={10},
  pages={4981--4998},
  year={2023}
}

@article{low2017use,
  title={The use of structural models in econometrics},
  author={Low, Hamish and Meghir, Costas},
  journal={Journal of Economic Perspectives},
  volume={31},
  number={2},
  pages={33--58},
  year={2017}
}

@article{moffitt2008estimating,
  title={Estimating marginal treatment effects in heterogeneous populations},
  author={Moffitt, Robert},
  journal={Annales d'{\'E}conomie et de Statistique},
  number={91/92},
  pages={239--261},
  year={2008}
}

@article{nie2021quasi,
  title={Quasi-oracle estimation of heterogeneous treatment effects},
  author={Nie, Xinkun and Wager, Stefan},
  journal={Biometrika},
  volume={108},
  number={2},
  pages={299--319},
  year={2021}
}

@article{nilsson2019assessing,
  title={Assessing heterogeneous effects and their determinants via estimation of potential outcomes},
  author={Nilsson, Anton and Bonander, Carl and Str{\"o}mberg, Ulf and Bj{\"o}rk, Jonas},
  journal={European Journal of Epidemiology},
  volume={34},
  number={9},
  pages={823--835},
  year={2019}
}

@article{powers2018some,
  title={Some methods for heterogeneous treatment effect estimation in high dimensions},
  author={Powers, Scott and Qian, Junyang and Jung, Kenneth and Schuler, Alejandro and Shah, Nigam H and Hastie, Trevor and Tibshirani, Robert},
  journal={Statistics in Medicine},
  volume={37},
  number={11},
  pages={1767--1787},
  year={2018}
}

@article{tibshirani1996regression,
  title={Regression shrinkage and selection via the lasso},
  author={Tibshirani, Robert},
  journal={Journal of the Royal Statistical Society: Series B (Methodological)},
  volume={58},
  number={1},
  pages={267--288},
  year={1996}
}

@article{rosenbaum1983central,
  title={The central role of the propensity score in observational studies for causal effects},
  author={Rosenbaum, Paul R and Rubin, Donald B},
  journal={Biometrika},
  volume={70},
  number={1},
  pages={41--55},
  year={1983}
}

@article{athey2021appl,
  title={Shared decision-making: can improved counseling increase willingness to pay for modern contraceptives?},
  author={Athey, Susan and Bergstrom, Katy and Hadad, Vitor and Jamison, Julian C and {\"O}zler, Berk and Parisotto, Luca and Sama, Julius Dohbit},
  journal={World Bank Policy Research Working Paper},
  number={9605},
  year={2021}
}

@article{tan2022doubly,
  title={When doubly robust methods meet machine learning for estimating treatment effects from real-world data: a comparative study},
  author={Tan, Xiaoqing and Yang, Shu and Ye, Wenyu and Faries, Douglas E and Lipkovich, Ilya and Kadziola, Zbigniew},
  journal={arXiv preprint arXiv:2204.10969},
  year={2022}
}

@article{wagerathey2018,
  title={Estimation and inference of heterogeneous treatment effects using random forests},
  author={Wager, Stefan and Athey, Susan},
  journal={Journal of the American Statistical Association},
  volume={113},
  number={523},
  pages={1228--1242},
  year={2018}
}

@article{xie2012estimating,
  title={Estimating heterogeneous treatment effects with observational data},
  author={Xie, Yu and Brand, Jennie E and Jann, Ben},
  journal={Sociological Methodology},
  volume={42},
  number={1},
  pages={314--347},
  year={2012}
}

@article{zhouxie2020heterogeneous,
  title={Heterogeneous treatment effects in the presence of self-selection: a propensity score perspective},
  author={Zhou, Xiang and Xie, Yu},
  journal={Sociological Methodology},
  volume={50},
  number={1},
  pages={350--385},
  year={2020}
}

@article{zhouzie2019marginal,
  title={Marginal treatment effects from a propensity score perspective},
  author={Zhou, Xiang and Xie, Yu},
  journal={Journal of Political Economy},
  volume={127},
  number={6},
  pages={3070--3084},
  year={2019}
}

@article{zhou2016propensity,
  title={Propensity score-based methods versus MTE-based methods in causal inference: identification, estimation, and application},
  author={Zhou, Xiang and Xie, Yu},
  journal={Sociological Methods \& Research},
  volume={45},
  number={1},
  pages={3--40},
  year={2016}
}

@article{schroeder2010marginal,
  title={Marginal treatment effects},
  author={Schroeder, Douglas A},
  journal={Accounting and Causal Effects: Econometric Challenges},
  pages={275--300},
  year={2010}
}

@article{shim2009kernel,
  title={Kernel method for autoregressive data},
  author={Shim, Joo-Yong and Lee, Jang-Taek},
  journal={Journal of the Korean Data and Information Science Society},
  volume={20},
  number={5},
  pages={949--954},
  year={2009}
}

@article{neyman1959optimal,
  title={Optimal asymptotic tests of composite hypotheses},
  author={Neyman, Jerzy},
  journal={Probability and Statistics: The Harald CramÃ©r Volume},
  pages={213--234},
  year={1959}
}

@article{ferwerda2015krls,
  title={{KRLS}: a Stata package for kernel-based regularized least squares},
  author={Ferwerda, Jeremy and Hainmueller, Jens and Hazlett, Chad},
  journal={Available at SSRN 2325523},
  year={2015}
}

@article{d1998propensity,
  title={Propensity score methods for bias reduction in the comparison of a treatment to a non-randomized control group},
  author={D'Agostino Jr, Ralph B},
  journal={Statistics in Medicine},
  volume={17},
  number={19},
  pages={2265--2281},
  year={1998}
}

@article{elek2021regional,
  title={Regional differences in diabetes across Europeâ€”regression and causal forest analyses},
  author={Elek, P{\'e}ter and B{\'\i}r{\'o}, Anik{\'o}},
  journal={Economics \& Human Biology},
  volume={40},
  pages={100948},
  year={2021}
}

@article{venkatasubramaniam2023comparison,
  title={Comparison of causal forest and regression-based approaches to evaluate treatment effect heterogeneity: an application for type 2 diabetes precision medicine},
  author={Venkatasubramaniam, Ashwini and Mateen, Bilal A and Shields, Beverley M and Hattersley, Andrew T and Jones, Angus G and Vollmer, Sebastian J and Dennis, John M},
  journal={BMC Medical Informatics and Decision Making},
  volume={23},
  number={1},
  pages={110},
  year={2023}
}

@article{bonanderetal,
  author={Bonander, Carl and Svensson, Mikael},
  title={Using causal forests to assess heterogeneity in cost-effectiveness analysis},
  journal={Health Economics},
  volume={30},
  number={8},
  pages={1818--1832},
  year={2021}
}

@article{davisetal,
  author={Davis, Jonathan M V and Heller, Sara B},
  title={Using causal forests to predict treatment heterogeneity: an application to summer jobs},
  journal={American Economic Review},
  volume={107},
  number={5},
  pages={546--550},
  year={2017}
}

@article{Knaus_2020,
  title={Machine learning estimation of heterogeneous causal effects: empirical Monte Carlo evidence},
  author={Knaus, Michael C and Lechner, Michael and Strittmatter, Anthony},
  journal={The Econometrics Journal},
  volume={24},
  number={1},
  pages={134--161},
  year={2020}
}

@article{lee2010improving,
  title={Improving propensity score weighting using machine learning},
  author={Lee, Brian K and Lessler, Justin and Stuart, Elizabeth A},
  journal={Statistics in Medicine},
  volume={29},
  number={3},
  pages={337--346},
  year={2010}
}

@article{efron2020prediction,
  title={Prediction, estimation, and attribution},
  author={Efron, Bradley},
  journal={International Statistical Review},
  volume={88},
  pages={S28--S59},
  year={2020}
}

@article{walther2005concepts,
  title={The concepts of bias, precision and accuracy, and their use in testing the performance of species richness estimators, with a literature review of estimator performance},
  author={Walther, Bruno A and Moore, Joslin L},
  journal={Ecography},
  volume={28},
  number={6},
  pages={815--829},
  year={2005}
}

@article{articleml,
  author={Jordan, Michael I and Mitchell, Tom M},
  title={Machine learning: trends, perspectives, and prospects},
  journal={Science},
  volume={349},
  number={6245},
  pages={255--260},
  year={2015}
}

@article{holland1986statistics,
  author={Holland, Paul W},
  title={Statistics and causal inference},
  journal={Journal of the American statistical Association},
  volume={81},
  number={396},
  pages={945--960},
  year={1986},
}


@article{fuhr2024estimating,
  author    = {Fuhr, Jonathan and Berens, Philipp and Papies, Dominik},
  title     = {Estimating causal effects with double machine learning: a method evaluation},
  journal   = {arXiv preprint arXiv:2403.14385},
  year      = {2024}
}

@article{chernozhukov2018double,
  title   = {Double/debiased machine learning for treatment and structural parameters},
  author  = {Chernozhukov, Victor and Chetverikov, Denis and Demirer, Mert and Duflo, Esther and Hansen, Christian and Newey, Whitney and Robins, James},
  journal = {The Econometrics Journal},
  volume  = {21},
  number  = {1},
  pages   = {C1--C68},
  year    = {2018}
}

@article{heckman2005structural,
  title   = {Structural equations, treatment effects, and econometric policy evaluation: Part I},
  author  = {Heckman, James J and Vytlacil, Edward},
  journal = {Econometrica},
  volume  = {73},
  number  = {3},
  pages   = {669--738},
  year    = {2005}
}

@article{dorie2019automated,
  title   = {Automated versus do-it-yourself methods for causal inference: lessons learned from a data analysis competition},
  author  = {Dorie, Vincent and Hill, Jennifer and Shalit, Uri and Scott, Marc and Cervone, Dan},
  journal = {Statistical Science},
  volume  = {34},
  number  = {1},
  pages   = {43--68},
  year    = {2019}
}



@inproceedings{wangetal,
  author    = {Wang, Xia and Huang, Xiaoyan and Zhang, Yun},
  title     = {Application of machine learning method based estimation of heterogeneous treatment effects in economics},
  booktitle = {Proceedings of the 7th International Conference on Intelligent Information Processing},
  year      = {2023},
  publisher = {Association for Computing Machinery},
  address   = {New York, NY, USA},
  pages     = {25--30}
}


@incollection{athey2019,
  author    = {Athey, Susan},
  title     = {The impact of machine learning on economics},
  booktitle = {The Economics of Artificial Intelligence: An Agenda},
  editor    = {Agrawal, Ajay and Gans, Joshua and Goldfarb, Avi},
  publisher = {University of Chicago Press},
  year      = {2019},
  pages     = {507--547}
}


@incollection{ullah2016,
  author    = {Aman, Ullah},
  title     = {Kernel estimators in econometrics},
  booktitle = {The New Palgrave Dictionary of Economics},
  editor    = {Macmillan, Palgrave},
  publisher = {Palgrave Macmillan UK},
  address   = {London},
  year      = {2016},
  pages     = {1--4}
}


@incollection{refaeilzadeh2009,
  author    = {Refaeilzadeh, Payam and Tang, Lei and Liu, Huan},
  title     = {Cross-validation},
  booktitle = {Encyclopedia of Database Systems},
  editor    = {Liu, Ling and {\"O}zsu, M. Tamer},
  publisher = {Springer US},
  address   = {Boston, MA},
  year      = {2009},
  pages     = {532--538}
}

@book{imbensrubin2015,
  author    = {Imbens, Guido W. and Rubin, Donald B.},
  title     = {Causal inference in statistics, social, and biomedical sciences},
  publisher = {Cambridge University Press},
  year      = {2015}
}

@book{hastie2009elements,
  author    = {Hastie, Trevor and Tibshirani, Robert and Friedman, Jerome H},
  title     = {The elements of statistical learning: data mining, inference, and prediction},
  edition   = {2nd},
  publisher = {Springer},
  year      = {2009}
}


@book{huber2023causal,
  author    = {Huber, Martin},
  title     = {Causal analysis: impact evaluation and causal machine learning with applications in R},
  publisher = {MIT Press},
  year      = {2023}
}


@book{angrist2009mostly,
  author    = {Angrist, Joshua D and Pischke, J{\"o}rn-Steffen},
  title     = {Mostly harmless econometrics: an empiricist's companion},
  publisher = {Princeton University Press},
  year      = {2009}
}


@book{hernanrobins2023,
  author    = {Hern{\'a}n, Miguel A and Robins, James M},
  title     = {Causal inference: what if},
  publisher = {CRC Press},
  year      = {2023}
}

@book{breiman2017classification,
  author    = {Breiman, Leo},
  title     = {Classification and regression trees},
  publisher = {Routledge},
  year      = {2017}
}


@misc{videoimbangr,
  author       = {{Marginal Revolution University}},
  title        = {How Will Machine Learning Impact Economics? ({Guido Imbens}, {Josh Angrist}, {Isaiah Andrews})},
  year         = {2022},
  month        = {October},
  howpublished = {YouTube},
  note         = {Available at: \url{https://www.youtube.com/watch?v=kM8B2X8pdNA}},
}



@misc{ibmarticle,
  author = {IBM},
  title  = {What is lasso regression?},
  year   = {2024},
  note    = {Available at: \url{https://www.ibm.com/topics/lasso-regression}}
}


@misc{towardsds,
  author = {Zain Ahmed},
title = {Heterogeneous Treatment Effect Using Double Machine Learning},
  year = {2022},
note = {Available at: \url{https://towardsdatascience.com/heterogeneous-treatment-effect-using-double-machine-learning-65ab41f9a5dc}},
}

@misc{mitsloan,
  author = {Sara Brown},
  title = {Machine learning, explained},
  year = {2021},
  note = {Available at: \url{https://mitsloan.mit.edu/ideas-made-to-matter/machine-learning-explained}}
}

@misc{ibmarticleml,
  author = {{IBM}},
  title = {What is machine learning (ML)?},
  year = {2021},
  note = {Available at: \url{https://www.ibm.com/topics/machine-learning}}
}

@misc{bankarticle,
  author = {Ajit Desai},
  title = {Machine learning for economics research: when, what and how},
  year = {2023},
  note = {Available at: \url{https://www.bankofcanada.ca/2023/10/staff-analytical-note-2023-16/#Machine-learning-for-economic-applications}}
}
